<Document xmlns="urn:iso:std:iso:20022:tech:xsd:camt.053.001.02">
  <BkToCstmrStmt>
    <GrpHdr>
      <MsgId>2021-11-01-22.10.23.903737</MsgId>
      <CreDtTm>2021-11-01T22:10:23+01:00</CreDtTm>
      <MsgRcpt>
        <Nm>MR Projekt GmbH</Nm>
        <Id>
          <OrgId>
            <Othr>
              <Id>FY084</Id>
              <Issr>EBICS</Issr>
            </Othr>
          </OrgId>
        </Id>
      </MsgRcpt>
      <MsgPgntn>
        <PgNb>1</PgNb>
        <LastPgInd>true</LastPgInd>
      </MsgPgntn>
    </GrpHdr>
    <Stmt>
      <Id>2021-11-01-22.10.23.896126</Id>
      <ElctrncSeqNb>212</ElctrncSeqNb>
      <CreDtTm>2021-11-01T22:10:23+01:00</CreDtTm>
      <FrToDt>
        <FrDtTm>2021-11-01T00:00:00+01:00</FrDtTm>
        <ToDtTm>2021-11-01T23:59:59+01:00</ToDtTm>
      </FrToDt>
      <Acct>
        <Id>
          <IBAN>DE62650700240021982400</IBAN>
        </Id>
        <Ccy>EUR</Ccy>
        <Svcr>
          <FinInstnId>
            <BIC>DEUTDEFFXXX</BIC>
          </FinInstnId>
        </Svcr>
      </Acct>
      <Bal>
        <Tp>
          <CdOrPrtry>
            <Cd>PRCD</Cd>
          </CdOrPrtry>
        </Tp>
        <Amt Ccy="EUR">3.95</Amt>
        <CdtDbtInd>CRDT</CdtDbtInd>
        <Dt>
          <Dt>2021-10-29</Dt>
        </Dt>
      </Bal>
      <Bal>
        <Tp>
          <CdOrPrtry>
            <Cd>CLBD</Cd>
          </CdOrPrtry>
        </Tp>
        <Amt Ccy="EUR">3.27</Amt>
        <CdtDbtInd>CRDT</CdtDbtInd>
        <Dt>
          <Dt>2021-11-01</Dt>
        </Dt>
      </Bal>
      <Bal>
        <Tp>
          <CdOrPrtry>
            <Cd>CLAV</Cd>
          </CdOrPrtry>
        </Tp>
        <Amt Ccy="EUR">3.27</Amt>
        <CdtDbtInd>CRDT</CdtDbtInd>
        <Dt>
          <Dt>2021-11-01</Dt>
        </Dt>
      </Bal>
      <Ntry>
        <NtryRef>2021-11-01-22.02.49.892682</NtryRef>
        <Amt Ccy="EUR">0.68</Amt>
        <CdtDbtInd>DBIT</CdtDbtInd>
        <Sts>BOOK</Sts>
        <BookgDt>
          <Dt>2021-11-01</Dt>
        </BookgDt>
        <ValDt>
          <Dt>2021-11-01</Dt>
        </ValDt>
        <AcctSvcrRef>NOREF_22:02:49_+32386</AcctSvcrRef>
        <BkTxCd>
          <Prtry>
            <Cd>NCHG+808+9306/830</Cd>
            <Issr>DK</Issr>
          </Prtry>
        </BkTxCd>
        <NtryDtls>
          <TxDtls>
            <Refs>
              <InstrId>NOREF_22:02:49_+32387</InstrId>
            </Refs>
            <AmtDtls>
              <TxAmt>
                <Amt Ccy="EUR">0.68</Amt>
              </TxAmt>
            </AmtDtls>
            <BkTxCd>
              <Prtry>
                <Cd>NCHG+808+9306/830</Cd>
                <Issr>DK</Issr>
              </Prtry>
            </BkTxCd>
            <RmtInf>
              <Ustrd>BERECHTIGTE ABLEHNUNG EINER AUTORISIERTEN UBERWEISUNG / LASTSCHRIFT MANGELS KONTODECKUNG ODER WEGEN FEHLENDER / FEHLERHAFTEN ANGABEN.</Ustrd>
            </RmtInf>
          </TxDtls>
        </NtryDtls>
      </Ntry>
    </Stmt>
  </BkToCstmrStmt>
</Document>