<Document xmlns="urn:iso:std:iso:20022:tech:xsd:camt.053.001.08" xmlns:xsi="http://www.w3.org/2001/XMLSchema-instance" xsi:schemaLocation="urn:iso:std:iso:20022:tech:xsd:camt.053.001.08 camt.053.001.08.xsd">
  <BkToCstmrStmt>
    <GrpHdr>
      <MsgId>53D20220105T2145178887834N220000003</MsgId>
      <CreDtTm>2022-01-05T21:43:18.0+01:00</CreDtTm>
      <MsgPgntn>
        <PgNb>001</PgNb>
        <LastPgInd>true</LastPgInd>
      </MsgPgntn>
    </GrpHdr>
    <Stmt>
      <Id>4967C532024410521451788011165313800</Id>
      <ElctrncSeqNb>220000003</ElctrncSeqNb>
      <LglSeqNb>001</LglSeqNb>
      <CreDtTm>2022-01-05T21:43:18.0+01:00</CreDtTm>
      <FrToDt>
        <FrDtTm>2022-01-05T00:00:00+01:00</FrDtTm>
        <ToDtTm>2022-01-05T23:59:59+01:00</ToDtTm>
      </FrToDt>
      <Acct>
        <Id>
          <IBAN>DE02300606010002474689</IBAN>
        </Id>
        <Ccy>EUR</Ccy>
        <Ownr>
          <Nm>Unsere Organisation</Nm>
        </Ownr>
        <Svcr>
          <FinInstnId>
            <BIC>OURBIC123</BIC>
            <Nm>Unsere Bank</Nm>
            <Othr>
              <Id>DE 123456789</Id>
              <Issr>UmsStId</Issr>
            </Othr>
          </FinInstnId>
        </Svcr>
      </Acct>
      <Bal>
        <Tp>
          <CdOrPrtry>
            <Cd>PRCD</Cd>
          </CdOrPrtry>
        </Tp>
        <Amt Ccy="EUR">6041440.43</Amt>
        <CdtDbtInd>CRDT</CdtDbtInd>
        <Dt>
          <Dt>2022-01-05</Dt>
        </Dt>
      </Bal>
      <Bal>
        <Tp>
          <CdOrPrtry>
            <Cd>CLBD</Cd>
          </CdOrPrtry>
        </Tp>
        <Amt Ccy="EUR">12345.67</Amt>
        <CdtDbtInd>CRDT</CdtDbtInd>
        <Dt>
          <Dt>2022-01-05</Dt>
        </Dt>
      </Bal>
      <Ntry>
        <Amt Ccy="EUR">5.00</Amt>
        <CdtDbtInd>CRDT</CdtDbtInd>
        <Sts>BOOK</Sts>
        <BookgDt>
          <Dt>2022-01-05</Dt>
        </BookgDt>
        <ValDt>
          <Dt>2022-01-05</Dt>
        </ValDt>
        <AcctSvcrRef>2022010502352284000</AcctSvcrRef>
        <BkTxCd>
          <Domn>
            <Cd>PMNT</Cd>
            <Fmly>
              <Cd>RCDT</Cd>
              <SubFmlyCd>STDO</SubFmlyCd>
            </Fmly>
          </Domn>
          <Prtry>
            <Cd>NSTO+152+00900</Cd>
            <Issr>DK</Issr>
          </Prtry>
        </BkTxCd>
        <NtryDtls>
          <TxDtls>
            <Refs>
              <EndToEndId>NOTPROVIDED</EndToEndId>
              <TxId>2022010569765889090200001870000001</TxId>
            </Refs>
            <AmtDtls>
              <TxAmt>
                <Amt Ccy="EUR">5.00</Amt>
              </TxAmt>
            </AmtDtls>
            <BkTxCd>
              <Domn>
                <Cd>PMNT</Cd>
                <Fmly>
                  <Cd>RCDT</Cd>
                  <SubFmlyCd>STDO</SubFmlyCd>
                </Fmly>
              </Domn>
              <Prtry>
                <Cd>NSTO+152+00900</Cd>
                <Issr>DK</Issr>
              </Prtry>
            </BkTxCd>
            <RltdPties>
              <Dbtr>
                <Nm>J.P. Morgan</Nm>
              </Dbtr>
              <DbtrAcct>
                <Id>
                  <IBAN>DE02120300000000202051</IBAN>
                </Id>
              </DbtrAcct>
              <Cdtr>
                <Nm>Unsere Organisation</Nm>
              </Cdtr>
              <CdtrAcct>
                <Id>
                  <IBAN>DE02300606010002474689</IBAN>
                </Id>
              </CdtrAcct>
            </RltdPties>
            <RltdAgts>
              <DbtrAgt>
                <FinInstnId>
                  <BIC>OURBIC123</BIC>
                </FinInstnId>
              </DbtrAgt>
            </RltdAgts>
            <Purp>
              <Cd>RINP</Cd>
            </Purp>
            <RmtInf>
              <Ustrd>Spende</Ustrd>
            </RmtInf>
          </TxDtls>
        </NtryDtls>
        <AddtlNtryInf>Dauerauftragsgutschr</AddtlNtryInf>
      </Ntry>
      <Ntry>
        <Amt Ccy="EUR">21.67</Amt>
        <CdtDbtInd>DBIT</CdtDbtInd>
        <Sts>BOOK</Sts>
        <BookgDt>
          <Dt>2022-01-05</Dt>
        </BookgDt>
        <ValDt>
          <Dt>2021-11-30</Dt>
        </ValDt>
        <AcctSvcrRef>2022010514115441000</AcctSvcrRef>
        <BkTxCd>
          <Domn>
            <Cd>ACMT</Cd>
            <Fmly>
              <Cd>MDOP</Cd>
              <SubFmlyCd>CHRG</SubFmlyCd>
            </Fmly>
          </Domn>
          <Prtry>
            <Cd>NCHG+808+04600</Cd>
            <Issr>DK</Issr>
          </Prtry>
        </BkTxCd>
        <NtryDtls>
          <TxDtls>
            <AmtDtls>
              <TxAmt>
                <Amt Ccy="EUR">21.67</Amt>
              </TxAmt>
            </AmtDtls>
            <BkTxCd>
              <Prtry>
                <Cd>NCHG+808+04600</Cd>
                <Issr>DK</Issr>
              </Prtry>
            </BkTxCd>
            <RltdPties>
              <Cdtr>
                <Nm>Unsere Bank</Nm>
              </Cdtr>
              <CdtrAcct>
                <Id>
                  <Othr>
                    <Id>847538364548490557</Id>
                    <SchmeNm>
                      <Cd>BBAN</Cd>
                    </SchmeNm>
                  </Othr>
                </Id>
              </CdtrAcct>
            </RltdPties>
            <RmtInf>
              <Ustrd>Einlagenentgelt 11.2021</Ustrd>
            </RmtInf>
          </TxDtls>
        </NtryDtls>
        <AddtlNtryInf>Entgelt/Auslagen</AddtlNtryInf>
      </Ntry>
      <Ntry>
        <Amt Ccy="EUR">66.00</Amt>
        <CdtDbtInd>CRDT</CdtDbtInd>
        <Sts>BOOK</Sts>
        <BookgDt>
          <Dt>2022-01-05</Dt>
        </BookgDt>
        <ValDt>
          <Dt>2022-01-05</Dt>
        </ValDt>
        <AcctSvcrRef>2022010516263399000</AcctSvcrRef>
        <BkTxCd>
          <Domn>
            <Cd>PMNT</Cd>
            <Fmly>
              <Cd>IDDT</Cd>
              <SubFmlyCd>ESDD</SubFmlyCd>
            </Fmly>
          </Domn>
          <Prtry>
            <Cd>NCOL+192+08382</Cd>
            <Issr>DK</Issr>
          </Prtry>
        </BkTxCd>
        <NtryDtls>
          <Btch>
            <PmtInfId>Lastschrift-Einzug-Sammler-2022-01/1</PmtInfId>
            <NbOfTxs>3</NbOfTxs>
          </Btch>
          <TxDtls>
            <Refs>
              <MsgId>Mandat15-05.01.2022</MsgId>
              <PmtInfId>Lastschrift-Einzug-Sammler-2022-01/1</PmtInfId>
              <EndToEndId>Mandat15-05.01.2022</EndToEndId>
              <TxId>2022010469355953090100000010000001</TxId>
              <MndtId>Mandat15</MndtId>
            </Refs>
            <AmtDtls>
              <TxAmt>
                <Amt Ccy="EUR">11.00</Amt>
              </TxAmt>
            </AmtDtls>
            <BkTxCd>
              <Prtry>
                <Cd>NMSC+192+08382</Cd>
                <Issr>DK</Issr>
              </Prtry>
            </BkTxCd>
            <RltdPties>
              <Dbtr>
                <Nm>David Rockefeller</Nm>
              </Dbtr>
              <DbtrAcct>
                <Id>
                  <IBAN>DE02500105170137075030</IBAN>
                </Id>
              </DbtrAcct>
              <Cdtr>
                <Nm>Unsere Organisation</Nm>
              </Cdtr>
              <CdtrAcct>
                <Id>
                  <IBAN>DE02300606010002474689</IBAN>
                </Id>
              </CdtrAcct>
            </RltdPties>
            <RmtInf>
              <Ustrd>Mandat15: 9.00 EUR in den Grundeinkommenstopf - 2.00 EUR Spende an den Verein. Vielen Dank</Ustrd>
            </RmtInf>
          </TxDtls>
          <TxDtls>
            <Refs>
              <MsgId>Mandat21-05.01.2022</MsgId>
              <PmtInfId>Lastschrift-Einzug-Sammler-2022-01/1</PmtInfId>
              <EndToEndId>Mandat21-05.01.2022</EndToEndId>
              <TxId>2022010469355953090100000010000002</TxId>
              <MndtId>Mandat21</MndtId>
            </Refs>
            <AmtDtls>
              <TxAmt>
                <Amt Ccy="EUR">22.00</Amt>
              </TxAmt>
            </AmtDtls>
            <BkTxCd>
              <Prtry>
                <Cd>NMSC+192+08382</Cd>
                <Issr>DK</Issr>
              </Prtry>
            </BkTxCd>
            <RltdPties>
              <Dbtr>
                <Nm>Mayer Amschel Rothschild</Nm>
              </Dbtr>
              <DbtrAcct>
                <Id>
                  <IBAN>DE02100500000054540402</IBAN>
                </Id>
              </DbtrAcct>
              <Cdtr>
                <Nm>Unsere Organisation</Nm>
              </Cdtr>
              <CdtrAcct>
                <Id>
                  <IBAN>DE02300606010002474689</IBAN>
                </Id>
              </CdtrAcct>
            </RltdPties>
            <RmtInf>
              <Ustrd>Mandat21: 0.00 EUR in den Grundeinkommenstopf - 22.00 EUR Spende an den Verein. Vielen Dank</Ustrd>
            </RmtInf>
          </TxDtls>
          <TxDtls>
            <Refs>
              <MsgId>Mandat22-05.01.2022</MsgId>
              <PmtInfId>Lastschrift-Einzug-Sammler-2022-01/1</PmtInfId>
              <EndToEndId>Mandat22-05.01.2022</EndToEndId>
              <TxId>2022010469355953090100000010000003</TxId>
              <MndtId>Mandat22</MndtId>
            </Refs>
            <AmtDtls>
              <TxAmt>
                <Amt Ccy="EUR">33.00</Amt>
              </TxAmt>
            </AmtDtls>
            <BkTxCd>
              <Prtry>
                <Cd>NMSC+192+08382</Cd>
                <Issr>DK</Issr>
              </Prtry>
            </BkTxCd>
            <RltdPties>
              <Dbtr>
                <Nm>Herman Cain</Nm>
              </Dbtr>
              <DbtrAcct>
                <Id>
                  <IBAN>DE02300209000106531065</IBAN>
                </Id>
              </DbtrAcct>
              <Cdtr>
                <Nm>Unsere Organisation</Nm>
              </Cdtr>
              <CdtrAcct>
                <Id>
                  <IBAN>DE02300606010002474689</IBAN>
                </Id>
              </CdtrAcct>
            </RltdPties>
            <RmtInf>
              <Ustrd>Mandat22: 27.00 EUR in den Grundeinkommenstopf - 5.00 EUR Spende an den Verein. Vielen Dank</Ustrd>
            </RmtInf>
          </TxDtls>
        </NtryDtls>
        <AddtlNtryInf>Basislastschrift Ev</AddtlNtryInf>
      </Ntry>
      <Ntry>
        <Amt Ccy="EUR">13.50</Amt>
        <CdtDbtInd>DBIT</CdtDbtInd>
        <Sts>BOOK</Sts>
        <BookgDt>
          <Dt>2022-01-05</Dt>
        </BookgDt>
        <ValDt>
          <Dt>2022-01-05</Dt>
        </ValDt>
        <AcctSvcrRef>2022010517332587002</AcctSvcrRef>
        <BkTxCd>
          <Domn>
            <Cd>PMNT</Cd>
            <Fmly>
              <Cd>IDDT</Cd>
              <SubFmlyCd>UPDD</SubFmlyCd>
            </Fmly>
          </Domn>
          <Prtry>
            <Cd>NRTI+109+00963</Cd>
            <Issr>DK</Issr>
          </Prtry>
        </BkTxCd>
        <NtryDtls>
          <TxDtls>
            <Refs>
              <EndToEndId>Mandat15-05.01.2022</EndToEndId>
              <TxId>2022010469355953090100000010019248</TxId>
              <MndtId>Mandat15</MndtId>
            </Refs>
            <AmtDtls>
              <InstdAmt>
                <Amt Ccy="EUR">11.00</Amt>
              </InstdAmt>
              <TxAmt>
                <Amt Ccy="EUR">13.50</Amt>
              </TxAmt>
            </AmtDtls>
            <BkTxCd>
              <Domn>
                <Cd>PMNT</Cd>
                <Fmly>
                  <Cd>IDDT</Cd>
                  <SubFmlyCd>UPDD</SubFmlyCd>
                </Fmly>
              </Domn>
              <Prtry>
                <Cd>NRTI+109+00963</Cd>
                <Issr>DK</Issr>
              </Prtry>
            </BkTxCd>
            <Chrgs>
              <Rcrd>
                <Amt Ccy="EUR">2.50</Amt>
                <Pty>
                  <FinInstnId>
                    <BIC>OURBIC123</BIC>
                  </FinInstnId>
                </Pty>
              </Rcrd>
            </Chrgs>
            <RltdPties>
              <Dbtr>
                <Nm>David Rockefeller</Nm>
              </Dbtr>
              <DbtrAcct>
                <Id>
                  <IBAN>DE02500105170137075030</IBAN>
                </Id>
              </DbtrAcct>
              <Cdtr>
                <Nm>Unsere Organisation</Nm>
              </Cdtr>
              <CdtrAcct>
                <Id>
                  <IBAN>DE02300606010002474689</IBAN>
                </Id>
              </CdtrAcct>
            </RltdPties>
            <RmtInf>
              <Ustrd>Retoure, Rueckgabegrund: AC04 Konto aufgelöst SVWZ: RETURN/REFUND</Ustrd>
              <Ustrd>Dibbel dabbel zweite Zeile</Ustrd>
            </RmtInf>
            <RtrInf>
              <OrgnlBkTxCd>
                <Prtry>
                  <Cd>171</Cd>
                  <Issr>DK</Issr>
                </Prtry>
              </OrgnlBkTxCd>
              <Orgtr>
                <Id>
                  <OrgId>
                    <BICOrBEI>OURBIC123</BICOrBEI>
                  </OrgId>
                </Id>
              </Orgtr>
              <Rsn>
                <Cd>AC04</Cd>
              </Rsn>
              <AddtlInf>Konto aufgelöst</AddtlInf>
            </RtrInf>
          </TxDtls>
        </NtryDtls>
        <AddtlNtryInf>Retourenbelastung</AddtlNtryInf>
      </Ntry>
      <Ntry>
        <Amt Ccy="EUR">22.00</Amt>
        <CdtDbtInd>DBIT</CdtDbtInd>
        <RvslInd>true</RvslInd>
        <Sts>BOOK</Sts>
        <BookgDt>
          <Dt>2022-01-05</Dt>
        </BookgDt>
        <ValDt>
          <Dt>2022-01-05</Dt>
        </ValDt>
        <AcctSvcrRef>2022010516263406000</AcctSvcrRef>
        <BkTxCd>
          <Domn>
            <Cd>PMNT</Cd>
            <Fmly>
              <Cd>RDDT</Cd>
              <SubFmlyCd>ESDD</SubFmlyCd>
            </Fmly>
          </Domn>
          <Prtry>
            <Cd>NDDT+105+08382</Cd>
            <Issr>DK</Issr>
          </Prtry>
        </BkTxCd>
        <NtryDtls>
          <TxDtls>
            <Refs>
              <EndToEndId>Mandat21-05.01.2022</EndToEndId>
              <TxId>2022010469355955090100000010094203</TxId>
              <MndtId>Mandat21</MndtId>
            </Refs>
            <AmtDtls>
              <TxAmt>
                <Amt Ccy="EUR">22.00</Amt>
              </TxAmt>
            </AmtDtls>
            <BkTxCd>
              <Domn>
                <Cd>PMNT</Cd>
                <Fmly>
                  <Cd>RDDT</Cd>
                  <SubFmlyCd>ESDD</SubFmlyCd>
                </Fmly>
              </Domn>
              <Prtry>
                <Cd>NDDT+105+08382</Cd>
                <Issr>DK</Issr>
              </Prtry>
            </BkTxCd>
            <RltdPties>
              <Dbtr>
                <Nm>Mayer Amschel Rothschild</Nm>
              </Dbtr>
              <DbtrAcct>
                <Id>
                  <IBAN>DE02100500000054540402</IBAN>
                </Id>
              </DbtrAcct>
              <Cdtr>
                <Nm>Unsere Organisation</Nm>
                <Id>
                  <PrvtId>
                    <Othr>
                      <Id>DE62ZZZ00001604785</Id>
                    </Othr>
                  </PrvtId>
                </Id>
              </Cdtr>
              <CdtrAcct>
                <Id>
                  <IBAN>DE02300606010002474689</IBAN>
                </Id>
              </CdtrAcct>
            </RltdPties>
            <RltdAgts>
              <CdtrAgt>
                <FinInstnId>
                  <BIC>OURBIC123</BIC>
                </FinInstnId>
              </CdtrAgt>
            </RltdAgts>
            <RmtInf>
              <Ustrd>Retoure aus SEPA Basislastschrift, Rueckweisungsgrund: Wegen Fehler zurückgewiesen SVWZ: RETURN/REFUND</Ustrd>
            </RmtInf>
          </TxDtls>
        </NtryDtls>
        <AddtlNtryInf>Storno</AddtlNtryInf>
      </Ntry>
    </Stmt>
  </BkToCstmrStmt>
</Document>
