<?xml version="1.0" encoding="UTF-8"?>
<Document xmlns="urn:iso:std:iso:20022:tech:xsd:pain.008.001.02" xmlns:xsi="http://www.w3.org/2001/XMLSchema-instance" xsi:schemaLocation="urn:iso:std:iso:20022:tech:xsd:pain.008.001.02 pain.008.001.02.xsd">
  <CstmrDrctDbtInitn>
    <GrpHdr>
      <MsgId>Transaction-ID-123-xyz</MsgId>
      <CreDtTm>2022-08-09T16:38:56-04:00</CreDtTm>
      <NbOfTxs>3</NbOfTxs>
      <CtrlSum>3000.00</CtrlSum>
      <InitgPty>
        <Nm>Unsere Organisation</Nm>
        <Id>
          <OrgId>
            <Othr>
              <Id>DE98ZZZ09999999999</Id>
            </Othr>
          </OrgId>
        </Id>
      </InitgPty>
    </GrpHdr>
    <PmtInf>
      <PmtInfId>Transaction-ID-123-xyz/1</PmtInfId>
      <PmtMtd>DD</PmtMtd>
      <BtchBookg>true</BtchBookg>
      <NbOfTxs>3</NbOfTxs>
      <CtrlSum>3000.00</CtrlSum>
      <PmtTpInf>
        <SvcLvl>
          <Cd>SEPA</Cd>
        </SvcLvl>
        <LclInstrm>
          <Cd>CORE</Cd>
        </LclInstrm>
        <SeqTp>RCUR</SeqTp>
      </PmtTpInf>
      <ReqdColltnDt>2022-09-01</ReqdColltnDt>
      <Cdtr>
        <Nm>Unsere Organisation</Nm>
      </Cdtr>
      <CdtrAcct>
        <Id>
          <IBAN>DE62650700240021982400</IBAN>
        </Id>
      </CdtrAcct>
      <CdtrAgt>
        <FinInstnId>
          <BIC>DEUTDEDB650</BIC>
        </FinInstnId>
      </CdtrAgt>
      <ChrgBr>SLEV</ChrgBr>
      <CdtrSchmeId>
        <Id>
          <PrvtId>
            <Othr>
              <Id>DE98ZZZ09999999999</Id>
              <SchmeNm>
                <Prtry>SEPA</Prtry>
              </SchmeNm>
            </Othr>
          </PrvtId>
        </Id>
      </CdtrSchmeId>
      <DrctDbtTxInf>
        <PmtId>
          <EndToEndId>XXX-Mandate-1-01</EndToEndId>
        </PmtId>
        <InstdAmt Ccy="EUR">1000.00</InstdAmt>
        <DrctDbtTx>
          <MndtRltdInf>
            <MndtId>Mandate-1</MndtId>
            <DtOfSgntr>2022-03-14</DtOfSgntr>
          </MndtRltdInf>
        </DrctDbtTx>
        <DbtrAgt>
          <FinInstnId>
            <Othr>
              <Id>NOTPROVIDED</Id>
            </Othr>
          </FinInstnId>
        </DbtrAgt>
        <Dbtr>
          <Nm>Daniela Bartell</Nm>
        </Dbtr>
        <DbtrAcct>
          <Id>
            <IBAN>DE36733900000000121738</IBAN>
          </Id>
        </DbtrAcct>
        <RmtInf>
          <Ustrd>Danke fuer Ihre Spende, ka-ching</Ustrd>
        </RmtInf>
      </DrctDbtTxInf>
      <DrctDbtTxInf>
        <PmtId>
          <EndToEndId>XXX-Mandate-2-02</EndToEndId>
        </PmtId>
        <InstdAmt Ccy="EUR">1000.00</InstdAmt>
        <DrctDbtTx>
          <MndtRltdInf>
            <MndtId>Mandate-2</MndtId>
            <DtOfSgntr>2022-03-14</DtOfSgntr>
          </MndtRltdInf>
        </DrctDbtTx>
        <DbtrAgt>
          <FinInstnId>
            <Othr>
              <Id>NOTPROVIDED</Id>
            </Othr>
          </FinInstnId>
        </DbtrAgt>
        <Dbtr>
          <Nm>Iluminada Pfeffer</Nm>
        </Dbtr>
        <DbtrAcct>
          <Id>
            <IBAN>DE87290400900104040100</IBAN>
          </Id>
        </DbtrAcct>
        <RmtInf>
          <Ustrd>Danke fuer Ihre Spende, ka-ching</Ustrd>
        </RmtInf>
      </DrctDbtTxInf>
      <DrctDbtTxInf>
        <PmtId>
          <EndToEndId>XXX-Mandate-3-03</EndToEndId>
        </PmtId>
        <InstdAmt Ccy="EUR">1000.00</InstdAmt>
        <DrctDbtTx>
          <MndtRltdInf>
            <MndtId>Mandate-3</MndtId>
            <DtOfSgntr>2022-03-14</DtOfSgntr>
          </MndtRltdInf>
        </DrctDbtTx>
        <DbtrAgt>
          <FinInstnId>
            <Othr>
              <Id>NOTPROVIDED</Id>
            </Othr>
          </FinInstnId>
        </DbtrAgt>
        <Dbtr>
          <Nm>Alexa Medhurst</Nm>
        </Dbtr>
        <DbtrAcct>
          <Id>
            <IBAN>DE36733900000000121738</IBAN>
          </Id>
        </DbtrAcct>
        <RmtInf>
          <Ustrd>Danke fuer Ihre Spende, ka-ching</Ustrd>
        </RmtInf>
      </DrctDbtTxInf>
    </PmtInf>
  </CstmrDrctDbtInitn>
</Document>
